@article{antiphishingglobalreport2013,
  title={APWG global phishing survey},
  author={Anti-Phishing Working Group and others},
  journal={Anti-Phishing Working Group},
  year={2013}
}

@article{antiphishingtrendreport2013,
  title={Phishing activity trends report},
  author={Anti-Phishing Working Group and others},
  journal={Anti-Phishing Working Group},
  year={2013}
}

@article{kasperskyreport2013,
  title={The evolution of phishing attacks: 2011-2013},
  author={Kaspersky Lab},
  journal={Kaspersky Lab},
  year={2013}
}

@article{rsa2013,
  title={Phishing kits - the same wolf, just a different sheep's clothing},
  author={RSA and ECM},
  journal={Fraud report},
  year={2013}
}

@article{bergholz2010new,
  title={New filtering approaches for phishing email},
  author={Bergholz, Andr{\'e} and De Beer, Jan and Glahn, Sebastian and Moens, Marie-Francine and Paa{\ss}, Gerhard and Strobel, Siehyun},
  journal={Journal of computer security},
  volume={18},
  number={1},
  pages={7--35},
  year={2010},
  publisher={IOS Press}
}

@inproceedings{chandrasekaran2006phishing,
  title={Phishing email detection based on structural properties},
  author={Chandrasekaran, Madhusudhanan and Narayanan, Krishnan and Upadhyaya, Shambhu},
  booktitle={NYS Cyber Security Conference},
  pages={1--7},
  year={2006}
}

@inproceedings{fette2007learning,
  title={Learning to detect phishing emails},
  author={Fette, Ian and Sadeh, Norman and Tomasic, Anthony},
  booktitle={Proceedings of the 16th international conference on World Wide Web},
  pages={649--656},
  year={2007},
  organization={ACM}
}

@article{olivo2011obtaining,
  title={Obtaining the threat model for e-mail phishing},
  author={Olivo, Cleber K and Santin, Altair O and Oliveira, Luiz S},
  journal={Applied Soft Computing},
  year={2011},
  publisher={Elsevier}
}

@article{purkait2012phishing,
  title={Phishing counter measures and their effectiveness--literature review},
  author={Purkait, Swapan},
  journal={Information Management \& Computer Security},
  volume={20},
  number={5},
  pages={382--420},
  year={2012},
  publisher={Emerald Group Publishing Limited}
}

@inproceedings{ma2009beyond,
  title={Beyond blacklists: learning to detect malicious web sites from suspicious URLs},
  author={Ma, Justin and Saul, Lawrence K and Savage, Stefan and Voelker, Geoffrey M},
  booktitle={Proceedings of the 15th ACM SIGKDD international conference on Knowledge discovery and data mining},
  pages={1245--1254},
  year={2009},
  organization={ACM}
}

@inproceedings{zhang2008highly,
  title={Highly Predictive Blacklisting.},
  author={Zhang, Jian and Porras, Phillip A and Ullrich, Johannes},
  booktitle={USENIX Security Symposium},
  pages={107--122},
  year={2008}
}

@inproceedings{prakash2010phishnet,
  title={Phishnet: predictive blacklisting to detect phishing attacks},
  author={Prakash, Pawan and Kumar, Manish and Kompella, Ramana Rao and Gupta, Minaxi},
  booktitle={INFOCOM, 2010 Proceedings IEEE},
  pages={1--5},
  year={2010},
  organization={IEEE}
}

@article{obied2009fraudulent,
  title={Fraudulent and malicious sites on the web},
  author={Obied, Ahmed and Alhajj, Reda},
  journal={Applied Intelligence},
  volume={30},
  number={2},
  pages={112--120},
  year={2009},
  publisher={Springer}
}

@article{bakhshi2009social,
  title={Social engineering: assessing vulnerabilities in practice},
  author={Bakhshi, Taimur and Papadaki, Maria and Furnell, Steven},
  journal={Information management \& computer security},
  volume={17},
  number={1},
  pages={53--63},
  year={2009},
  publisher={Emerald Group Publishing Limited}
}

@article{liu2006antiphishing,
  title={An antiphishing strategy based on visual similarity assessment},
  author={Liu, Wenyin and Deng, Xiaotie and Huang, Guanglin and Fu, Anthony Y},
  journal={Internet Computing, IEEE},
  volume={10},
  number={2},
  pages={58--65},
  year={2006},
  publisher={IEEE}
}

@article{chen2009fighting,
  title={Fighting phishing with discriminative keypoint features},
  author={Chen, Kuan-Ta and Chen, Jau-Yuan and Huang, Chun-Rong and Chen, Chu-Song},
  journal={Internet Computing, IEEE},
  volume={13},
  number={3},
  pages={56--63},
  year={2009},
  publisher={IEEE}
}

@article{chen2010detecting,
  title={Detecting visually similar Web pages: Application to phishing detection},
  author={Chen, Teh-Chung and Dick, Scott and Miller, James},
  journal={ACM Transactions on Internet Technology (TOIT)},
  volume={10},
  number={2},
  pages={5},
  year={2010},
  publisher={ACM}
}

@article{zhang2011textual,
  title={Textual and visual content-based anti-phishing: a Bayesian approach},
  author={Zhang, Haijun and Liu, Gang and Chow, Tommy WS and Liu, Wenyin},
  journal={Neural Networks, IEEE Transactions on},
  volume={22},
  number={10},
  pages={1532--1546},
  year={2011},
  publisher={IEEE}
}

@inproceedings{moore2007examining,
  title={Examining the impact of website take-down on phishing},
  author={Moore, Tyler and Clayton, Richard},
  booktitle={Proceedings of the anti-phishing working groups 2nd annual eCrime researchers summit},
  pages={1--13},
  year={2007},
  organization={ACM}
}

@misc{trusteer2011,
  author = {Boodaei, Mickey},
  title = {Mobile Users Three Times More Vulnerable to Phishing Attacks},
  year = {2011},
  howpublished = {\url{http://www.trusteer.com/blog/mobile-users-three-times-more-vulnerable-to-phishing-attacks}},
  note = {Accessed: 2013-12-26}
}
